<?xml version="1.0" encoding="UTF-8"?><record xmlns="http://www.loc.gov/MARC21/slim" xmlns:cinclude="http://apache.org/cocoon/include/1.0" xmlns:zs="http://www.loc.gov/zing/srw/">
  <leader>00716cz  a2200145n  4500</leader>
  <controlfield tag="001">n  87112272 </controlfield>
  <controlfield tag="003">DLC</controlfield>
  <controlfield tag="005">20120811082226.0</controlfield>
  <controlfield tag="008">870717n| acannaab           |a and      </controlfield>
  <datafield tag="010" ind1=" " ind2=" ">
    <subfield code="a">n  87112272 </subfield>
  </datafield>
  <datafield tag="040" ind1=" " ind2=" ">
    <subfield code="a">DLC</subfield>
    <subfield code="b">eng</subfield>
    <subfield code="c">DLC</subfield>
    <subfield code="d">DLC</subfield>
  </datafield>
  <datafield tag="111" ind1="2" ind2=" ">
    <subfield code="a">Regional Research Conference on Geofluiddynamical Wave Mathematics</subfield>
    <subfield code="d">(1977 :</subfield>
    <subfield code="c">University of Washington)</subfield>
  </datafield>
  <datafield tag="411" ind1="2" ind2=" ">
    <subfield code="a">Conference on Geofluiddynamical Wave Mathematics, Regional Research</subfield>
  </datafield>
  <datafield tag="667" ind1=" " ind2=" ">
    <subfield code="a">THIS 1XX FIELD CANNOT BE USED UNDER RDA UNTIL THIS RECORD HAS BEEN REVIEWED AND/OR UPDATED</subfield>
  </datafield>
  <datafield tag="670" ind1=" " ind2=" ">
    <subfield code="a">nuc87-69285: Geofluiddynamical wave mathematics, 1977</subfield>
    <subfield code="b">(hdg. on CU-S rept.: Regional Research Conference on Geofluiddynamical Wave Mathematics (1977 : University of Washington)</subfield>
  </datafield>
</record>